@article{collobert2011natural,
  title={Natural language processing (almost) from scratch},
  author={Collobert, Ronan and Weston, Jason and Bottou, L{\'e}on and Karlen, Michael and Kavukcuoglu, Koray and Kuksa, Pavel},
  journal={The Journal of Machine Learning Research},
  volume={12},
  pages={2493--2537},
  year={2011},
  publisher={JMLR. org}
}
@inproceedings{florian2003named,
  title={Named entity recognition through classifier combination},
  author={Florian, Radu and Ittycheriah, Abe and Jing, Hongyan and Zhang, Tong},
  booktitle={Proceedings of the seventh conference on Natural language learning at HLT-NAACL 2003-Volume 4},
  pages={168--171},
  year={2003},
  organization={Association for Computational Linguistics}
}
@article{chiu2015named,
  title={Named Entity Recognition with Bidirectional LSTM-CNNs},
  author={Chiu, Jason PC and Nichols, Eric},
  journal={arXiv preprint arXiv:1511.08308},
  year={2015}
}
@article{DBLP:journals/corr/YangSC16,
  author    = {Zhilin Yang and
               Ruslan Salakhutdinov and
               William Cohen},
  title     = {Multi-Task Cross-Lingual Sequence Tagging from Scratch},
  journal   = {CoRR},
  volume    = {abs/1603.06270},
  year      = {2016},
  url       = {http://arxiv.org/abs/1603.06270},
  timestamp = {Sat, 02 Apr 2016 11:49:48 +0200},
  biburl    = {http://dblp.uni-trier.de/rec/bib/journals/corr/YangSC16},
  bibsource = {dblp computer science bibliography, http://dblp.org}
}
@inproceedings{xu2014rc,
  title={Rc-net: A general framework for incorporating knowledge into word representations},
  author={Xu, Chang and Bai, Yalong and Bian, Jiang and Gao, Bin and Wang, Gang and Liu, Xiaoguang and Liu, Tie-Yan},
  booktitle={Proceedings of the 23rd ACM International Conference on Conference on Information and Knowledge Management},
  pages={1219--1228},
  year={2014},
  organization={ACM}
}
@incollection{bian2014knowledge,
  title={Knowledge-powered deep learning for word embedding},
  author={Bian, Jiang and Gao, Bin and Liu, Tie-Yan},
  booktitle={Machine Learning and Knowledge Discovery in Databases},
  pages={132--148},
  year={2014},
  publisher={Springer}
}
@inproceedings{anisimovich2012syntactic,
  title={Syntactic and semantic parser based on {ABBYY} {Compreno} linguistic technologies},
  author={K. V. Anisimovich and K. J. Druzhkin and F. R. Minlos and M. A. Petrova and V. P. Selegey and K. A. Zuev},
  booktitle={Computational Linguistics and Intellectual Technologies: Proceedings of the International Conference Dialog},
  pages={18},
  year={2012}
}
@inproceedings{navigli2010babelnet,
  title={BabelNet: Building a very large multilingual semantic network},
  author={Navigli, Roberto and Ponzetto, Simone Paolo},
  booktitle={Proceedings of the 48th annual meeting of the association for computational linguistics},
  pages={216--225},
  year={2010},
  organization={Association for Computational Linguistics}
}
@inproceedings{nivre2006maltparser,
  title={Maltparser: A data-driven parser-generator for dependency parsing},
  author={Nivre, Joakim and Hall, Johan and Nilsson, Jens},
  booktitle={Proceedings of LREC},
  volume={6},
  pages={2216--2219},
  year={2006}
}
@inproceedings{tjong2003introduction,
  title={Introduction to the CoNLL-2003 shared task: Language-independent named entity recognition},
  author={Tjong Kim Sang, Erik F and De Meulder, Fien},
  booktitle={Proceedings of the seventh conference on Natural language learning at HLT-NAACL 2003-Volume 4},
  pages={142--147},
  year={2003},
  organization={Association for Computational Linguistics}
}
@article{gao2014wordrep,
  title={Wordrep: A benchmark for research on learning word representations},
  author={Gao, Bin and Bian, Jiang and Liu, Tie-Yan},
  journal={arXiv preprint arXiv:1407.1640},
  year={2014}
}
@article{davissurvey,
  title={A survey of direct methods for sparse linear systems},
  author={Davis, Timothy A and Rajamanickam, Sivasankaran and Sid-Lakhdar, Wissam M},
  organization={Department of Computer Science and Engineering, Texas A&M University},
  year={2016}
}
@article{nadeau2007survey,
  title={A survey of named entity recognition and classification},
  author={Nadeau, David and Sekine, Satoshi},
  journal={Lingvisticae Investigationes},
  volume={30},
  number={1},
  pages={3--26},
  year={2007},
  publisher={John Benjamins publishing company}
}
@inproceedings{mikolov2013distributed,
  title={Distributed representations of words and phrases and their compositionality},
  author={Mikolov, Tomas and Sutskever, Ilya and Chen, Kai and Corrado, Greg S and Dean, Jeff},
  booktitle={Advances in neural information processing systems},
  pages={3111--3119},
  year={2013}
}
@article{sahlgren2008distributional,
  title={The Distributional Hypothesis. From context to meaning: Distributional models of the lexicon in linguistics and cognitive science (Special issue of the Italian Journal of Linguistics)},
  author={Sahlgren, M},
  journal={Rivista di Linguistica},
  volume={20},
  number={1},
  year={2008}
}
